
// REPOSITORIES

@online{HuggingFace,
 title = {Hugging Face - The AI community buiding the future.},
 author = {Hugging Face},
 url = {https://huggingface.co/}
}

@online{BioImageIo,
 title = {BioImage.IO},
 author = {BioImage.IO},
 url = {https://bioimage.io/}
}

@online{Cellpose,
 title = {cellpose},
 author={Cellpose},
 url = {https://www.cellpose.org/}
}



// API or CLI

@online{Transformers_HuggingFace,
 title = {Transformers},
 author = {Hugging Face},
 url = {https://huggingface.co/docs/transformers/en/index}
}

@online{BioImageIoAPI,
 title = {Documentation of bioimageio.core},
 author={BioImage.IO},
 url = {https://bioimage-io.github.io/core-bioimage-io-python/bioimageio/core.html}
}

@online{CellposeCLI,
 title = {Cellpose CLI},
 author={Cellpose},
 url = {https://cellpose.readthedocs.io/en/latest/cli.html}
}



// AI MODAL CARDS

@online{MC_Google,
 title = {Google Paper},
 author = {Google},
 url = {https://modelcards.withgoogle.com/about}
}

@online{MC_Paper,
 title = {Model Cards for Model Reporting},
 author={Google},
 url = {https://dl.acm.org/doi/pdf/10.1145/3287560.3287596}
}

@online{MC_huggingFace,
 title = {Model Cards},
 author = {Hugging Face},
 url = {https://huggingface.co/docs/hub/en/model-cards}
}

@online{MC_BioImageIo,
 title = {Model Cards},
 author = {BioImage.IO},
 url = {https://bioimage.io/docs/#/bioimageio_model_spec}
}


@online{MC_Tensorflow,
 title = {Model Cards},
 author = {Tensorflow},
 url = {https://github.com/tensorflow/model-card-toolkit}
}
